
@book{proakis2007,
  added-at = {2010-12-21T17:57:51.000+0100},
  author = {Proakis},
  biburl = {http://www.bibsonomy.org/bibtex/21063a317d5f001f93d8907c976b7ef5c/jabreftest},
  file = {:./eBooks/Digital Communications 5th Edition.pdf:PDF},
  interhash = {82ded60abc9c500235c8114f8d3727f8},
  intrahash = {1063a317d5f001f93d8907c976b7ef5c},
  keywords = {},
  publisher = {McGraw Hill},
  timestamp = {2010-12-21T17:57:51.000+0100},
  title = {Digital Communications 5th Edition},
  year = {2007},
}

@book{lathi2009,
  title={Modern Digital and Analog Communication Systems},
  author={Lathi, B.P. and Ding, Z.},
  isbn={9780195331455},
  lccn={2008029440},
  series={Oxford series in electrical and computer engineering},
  url={https://books.google.cz/books?id=dltNPwAACAAJ},
  year={2009},
  publisher={Oxford University Press},
}

@book{holmes2007,
  title={Spread Spectrum Systems for GNSS and Wireless Communications},
  author={Holmes, J.K.},
  number={v. 45},
  isbn={9781596930834},
  series={GNSS technology and applications series},
  url={https://books.google.cz/books?id=-AUfAQAAIAAJ},
  year={2007},
  publisher={Artech House}
}

@book{levanon2004radar,
  title={Radar Signals},
  author={Levanon, N. and Mozeson, E.},
  isbn={9780471663072},
  series={Wiley - IEEE},
  url={https://books.google.cz/books?id=l\_2lHI9fVHUC},
  year={2004},
  publisher={Wiley}
}


@book{borre2007,
  title={A Software-Defined GPS and Galileo Receiver: A Single-Frequency Approach},
  author={Borre, K. and Akos, D.M. and Bertelsen, N. and Rinder, P. and Jensen, S.H.},
  isbn={9780817645403},
  lccn={2006932239},
  series={Applied and Numerical Harmonic Analysis},
  url={https://books.google.cz/books?id=x2g6XTEkb8oC},
  year={2007},
  publisher={Birkh{\"a}user Boston}
}

@book{haykin2001,
  title={Communication systems},
  author={Haykin, S.S.},
  isbn={9780471178699},
  lccn={99042977},
  url={https://books.google.cz/books?id=ieZSAAAAMAAJ},
  year={2001},
  publisher={Wiley}
}


@ARTICLE{liveris2003,
author={A. D. Liveris and C. N. Georghiades},
journal={IEEE Transactions on Communications},
title={Exploiting faster-than-Nyquist signaling},
year={2003},
volume={51},
number={9},
pages={1502-1511},
keywords={AWGN channels;codes;equalisers;interference suppression;intersymbol interference;iterative decoding;telecommunication signalling;AWGN channel;Euclidean distance;ISI cancellation;binary signaling;constrained coding;error events;faster-than-Nyquist signaling;interference cancellation;intersymbol interference;iterative decoding;iterative equalization;raised-cosine pulses;sinc pulses;turbo equalization;AWGN;Bandwidth;Bit rate;Communication systems;Constraint theory;Euclidean distance;Interference cancellation;Interference constraints;Intersymbol interference;Iterative decoding},
doi={10.1109/TCOMM.2003.816943},
ISSN={0090-6778},
month={Sept},}

@ARTICLE{mazo1975,
author={J. E. Mazo},
journal={The Bell System Technical Journal},
title={Faster-than-nyquist signaling},
year={1975},
volume={54},
number={8},
pages={1451-1462},
doi={10.1002/j.1538-7305.1975.tb02043.x},
ISSN={0005-8580},
month={Oct},}

@ARTICLE{mazo_landau1988,
author={J. E. Mazo and H. J. Landau},
journal={IEEE Transactions on Information Theory},
title={On the minimum distance problem for faster-than-Nyquist signaling},
year={1988},
volume={34},
number={6},
pages={1420-1427},
keywords={Nyquist criterion;information theory;intersymbol interference;signalling (telecommunication networks);telecommunication channels;Fourier approximation;faster-than-Nyquist signaling;ideal band-limiting channel;intersymbol interference;minimum distance problem;output sequences;uncoded binary sequences;Binary sequences;Data communication;Engineering profession;Error analysis;Gaussian noise;Immune system;Impedance;Intersymbol interference;Noise measurement;Retirement},
doi={10.1109/18.21281},
ISSN={0018-9448},
month={Nov},}

@ARTICLE{hajela1990,
author={D. Hajela},
journal={IEEE Transactions on Information Theory},
title={On computing the minimum distance for faster than Nyquist signaling},
year={1990},
volume={36},
number={2},
pages={289-295},
keywords={Nyquist criterion;information theory;intersymbol interference;signalling (telecommunication networks);telecommunication channels;Nyquist criterion;Nyquist signaling;binary data;ideal band-limited channel;intersymbol interference;minimum distance;pulse energy;pulse transmission rate;Bit error rate;Data communication;Degradation;Event detection;Information theory;Intersymbol interference;Maximum likelihood detection;Signal processing;Telephony;Upper bound},
doi={10.1109/18.52475},
ISSN={0018-9448},
month={Mar},}

@ARTICLE{yang2016,
author={Yang, Chun},
journal={Journal of The Institute of Navigation},
title={Sharpen the Correlation Peak: A Novel GNSS Receiver Architecture with Variable IF Correlation},
year={2016},
volume={63},
number={3},
pages={249-265},
ISSN={0028-1522},
month={Fall},}


@inproceedings{gemayel2014,
 author = {N. El. Gemayel and H. Jakel and F. K. Jondral},
 title = {Error Analysis of a Low Cost TDoA Sensor Network},
 booktitle = {Proceedings of IEEE/ION PLANS 201, Monterey, CA, USA, May, 2014},
 series = {C3S2E '12},
 year = {2014},
 isbn = {978-1-4503-1084-0},
 pages = {1140--1145},
 numpages = {6},
} 

@INPROCEEDINGS{bojda2017,
author={J. Bajer and R. Schreiber and P. Bojda},
booktitle={2017 International Conference on Military Technologies (ICMT)},
title={Correlation analysis of the faster-than-nyquist signal},
year={2017},
pages={602-607},
keywords={Acceleration;Baseband;Correlation;Delays;Electronic mail;Shape;Signal processing;Spread spectrum;baseband;digital modulation;signaling},
doi={10.1109/MILTECHS.2017.7988828},
month={May},}

@INPROCEEDINGS{bajer2016,
author={R. Schreiber and J. Bajer},
booktitle={2016 IEEE/AIAA 35th Digital Avionics Systems Conference (DASC)},
title={Software defined radio based receiver for TDOA positioning system},
year={2016},
pages={1-5},
keywords={autonomous aerial vehicles;control engineering computing;position control;position measurement;radio receivers;software radio;RTL-SDR software;TDOA positioning system;position determination;small-UAS;software defined radio based receiver;system parameters;time difference of arrival measurement;Correlation;Correlators;Demodulation;Gold;Receivers;Time measurement;Transmitters;RTL-SDR;TDOA;UAS navigation;positioning system},
doi={10.1109/DASC.2016.7778086},
month={Sept},}


@ARTICLE{1055219,
author={L. Welch},
journal={IEEE Transactions on Information Theory},
title={Lower bounds on the maximum cross correlation of signals (Corresp.)},
year={1974},
volume={20},
number={3},
pages={397-399},
keywords={Correlation functions;Signal design},
doi={10.1109/TIT.1974.1055219},
ISSN={0018-9448},
month={May},}


@ARTICLE{1455966,
author={D. V. Sarwate and M. B. Pursley},
journal={Proceedings of the IEEE},
title={Crosscorrelation properties of pseudorandom and related sequences},
year={1980},
volume={68},
number={5},
pages={593-619},
keywords={Navigation;Linear feedback shift registers;System performance;Pain;Shift registers;Autocorrelation;Radar applications;System identification;Multiaccess communication;Signal processing},
doi={10.1109/PROC.1980.11697},
ISSN={0018-9219},
month={May},}

@ARTICLE{1054260,
author={J. Massey},
journal={IEEE Transactions on Information Theory},
title={Shift-register synthesis and BCH decoding},
year={1969},
volume={15},
number={1},
pages={122-127},
keywords={BCH codes;Decoding;Shift-register sequences},
doi={10.1109/TIT.1969.1054260},
ISSN={0018-9448},
month={January},}

@ARTICLE{4103472,
author={G. A. De Couvreur},
journal={IEEE Transactions on Aerospace and Electronic Systems},
title={Effect of Random Synchronization Errors in PN and PSK Systems},
year={1970},
volume={AES-6},
number={1},
pages={98-100},
keywords={Phase shift keying;Binary sequences;Tracking loops;Autocorrelation;Circuits;Timing jitter;Delay effects;Random variables;Fourier transforms;Aerospace and electronic systems},
doi={10.1109/TAES.1970.310016},
ISSN={0018-9251},
month={Jan},}

@ARTICLE{1088753,
author={W. Gill and J. Spilker},
journal={IEEE Transactions on Communications Systems},
title={An Interesting Decomposition Property for the Self-Products of Random or Pseudorandom Binary Sequences},
year={1963},
volume={11},
number={2},
pages={246-247},
keywords={Binary sequences;Random sequences;Autocorrelation;Propulsion;Communication channels;Statistics;Space vector pulse width modulation;Missiles;Feedback;Independent component analysis},
doi={10.1109/TCOM.1963.1088753},
ISSN={0096-1965},
month={June},}


@ARTICLE{4101425,
author={P. T. Nielsen},
journal={IEEE Transactions on Aerospace and Electronic Systems},
title={On the Acquisition Behavior of Binary Delay-Lock Loops},
year={1975},
volume={AES-11},
number={3},
pages={415-418},
keywords={Delay;Acoustic beams;Signal to noise ratio;Differential equations;Decorrelation;Optical coupling;Radar tracking;Target tracking;Educational institutions;Radar detection},
doi={10.1109/TAES.1975.308095},
ISSN={0018-9251},
month={May},}


@ARTICLE{1056590,
author={A. Lempel and M. Cohn},
journal={IEEE Transactions on Information Theory},
title={Maximal families of bent sequences},
year={1982},
volume={28},
number={6},
pages={865-868},
keywords={Sequences},
doi={10.1109/TIT.1982.1056590},
ISSN={0018-9448},
month={November},}

@ARTICLE{1056766,
author={P. Kumar and R. Scholtz},
journal={IEEE Transactions on Information Theory},
title={Bounds on the linear span of bent sequences},
year={1983},
volume={29},
number={6},
pages={854-862},
keywords={CDMA (code-division multiple-access);Code division multiaccess (CDMA);Code-division multiple-access;Sequences},
doi={10.1109/TIT.1983.1056766},
ISSN={0018-9448},
month={November},}

@ARTICLE{1056589,
author={J. Olsen and R. Scholtz and L. Welch},
journal={IEEE Transactions on Information Theory},
title={Bent-function sequences},
year={1982},
volume={28},
number={6},
pages={858-864},
keywords={Sequences},
doi={10.1109/TIT.1982.1056589},
ISSN={0018-9448},
month={November},}


@ARTICLE{1207374,
author={Jong-Seon No and Gang-Mi Gil and Dong-Joon Shin},
journal={IEEE Transactions on Information Theory},
title={Generalized construction of binary bent sequences with optimal correlation property},
year={2003},
volume={49},
number={7},
pages={1769-1780},
keywords={binary sequences;transforms;optimisation;correlation methods;generalized construction method;binary bent sequences;optimal correlation property;generalized binary bent sequences;optimal correlation;balance property;modified trace transform;bent functions;intermediate field;binary bent-lifted sequences;No sequences;Binary sequences;Gas insulated transmission lines;Multiaccess communication;Fourier transforms;Radar;Autocorrelation;Sufficient conditions;Computer science;Galois fields},
doi={10.1109/TIT.2003.813557},
ISSN={0018-9448},
month={July},}

@INPROCEEDINGS{1023371,
author={Jong-Seon No and Gang-Mi Gil and Dong-Joon Shin},
booktitle={Proceedings IEEE International Symposium on Information Theory,},
title={Generalized construction of binary bent sequences with optimal correlation property},
year={2002},
volume={},
number={},
pages={99-},
keywords={binary sequences;correlation theory;information theory;binary bent sequences;generalized binary bent sequences;bent-lifted binary sequences;optimal correlation;optimal balance property;modified trace transform;Binary sequences;Autocorrelation;Gas insulated transmission lines;Vectors},
doi={10.1109/ISIT.2002.1023371},
ISSN={},
month={June},}


@INPROCEEDINGS{7458419,
author={S. Sarkar and T. Cusick},
booktitle={2015 Seventh International Workshop on Signal Design and its Applications in Communications (IWSDA)},
title={Initial results on the rotation symmetric bent-negabent functions},
year={2015},
volume={},
number={},
pages={80-84},
keywords={Boolean functions;Hadamard transforms;rotation symmetric bent-negabent functions;negabent Boolean functions;Boolean functions;Transforms;Symmetric matrices;Correlation;Orbits;Cryptography;Electronic mail;Rotation symmetric Boolean function;negabent function;nega-Hadamard transform;nega-Hadamard matrix;bent function},
doi={10.1109/IWSDA.2015.7458419},
ISSN={2150-3699},
month={Sept},}


@INPROCEEDINGS{1689283,
author={Zuling Chang and Qiaoyan Wen},
booktitle={2005 5th International Conference on Information Communications Signal Processing},
title={On PS Bent Functions},
year={2005},
volume={},
number={},
pages={1379-1382},
keywords={Boolean functions;PS bent function;algebraic structure;Boolean function;Boolean functions;Codes;Mathematics;Galois fields;Polynomials;Cryptography;PS bent function;algebraic normal form;linear transformation;dual subspace;indicator function},
doi={10.1109/ICICS.2005.1689283},
ISSN={},
month={Dec},}

@ARTICLE{4252334,
author={H. Hu and D. Feng},
journal={IEEE Transactions on Information Theory},
title={On Quadratic Bent Functions in Polynomial Forms},
year={2007},
volume={53},
number={7},
pages={2610-2615},
keywords={Boolean functions;polynomial approximation;quadratic bent functions;polynomial forms;finite fields;Boolean function;Hadamard transform;Polynomials;Boolean functions;Cryptography;Galois fields;Hamming distance;Error correction codes;Binary sequences;Information security;Electronic mail;Sufficient conditions;Bent function;Boolean function;Hadamard transform;maximum nonlinearity;quadratic form;semi-bent function},
doi={10.1109/TIT.2007.899553},
ISSN={0018-9448},
month={July},}

@INPROCEEDINGS{7541271,
author={S. Mesnager},
booktitle={2016 IEEE International Symposium on Information Theory (ISIT)},
title={On constructions of bent functions from involutions},
year={2016},
volume={},
number={},
pages={110-114},
keywords={Boolean functions;Galois fields;bent functions;maximally nonlinear Boolean functions;permutations;finite fields;bivariate representations;binomial linear involutions;Boolean functions;Information theory;Transforms;Ciphers;Telecommunications;Electronic mail;Boolean functions;bent functions;Galois Fields;involutions},
doi={10.1109/ISIT.2016.7541271},
ISSN={2157-8117},
month={July},}

@ARTICLE{6858045,
author={N. Li and X. Tang and T. Helleseth},
journal={IEEE Transactions on Information Theory},
title={New Constructions of Quadratic Bent Functions in Polynomial Form},
year={2014},
volume={60},
number={9},
pages={5760-5767},
keywords={Boolean functions;Fourier transforms;polynomials;quadratic bent functions;polynomial form;Boolean bent functions;generalized Boolean bent functions;p-ary bent functions;Z4-valued quadratic forms;Boolean functions;Polynomials;Transforms;Materials;Information theory;Educational institutions;Electronic mail;Boolean bent function;Galois ring;generalized Boolean function;\(p\) -ary bent function;quadratic form},
doi={10.1109/TIT.2014.2339861},
ISSN={0018-9448},
month={Sept},}

@ARTICLE{8052116,
author={T. Martinsen and W. Meidl and S. Mesnager and P. Stănică},
journal={IEEE Transactions on Information Theory},
title={Decomposing Generalized Bent and Hyperbent Functions},
year={2017},
volume={63},
number={12},
pages={7804-7812},
keywords={Boolean functions;cryptography;Hadamard transforms;Walsh functions;generalized hyperbent functions;g-hyperbentness;semibent functions;generalized bent function decomposition;Walsh-Hadamard coefficients;Boolean functions;affine space;Boolean functions;Transforms;Electronic mail;Correlation;Standards;1/f noise;Boolean functions;Walsh–Hadamard transforms;bent functions;semibent functions;hyperbent functions;generalized bent functions;cyclotomic fields},
doi={10.1109/TIT.2017.2754498},
ISSN={0018-9448},
month={Dec},}

@ARTICLE{6122506,
author={A. Cesmelioglu and W. Meidl},
journal={IEEE Transactions on Information Theory},
title={Bent Functions of Maximal Degree},
year={2012},
volume={58},
number={2},
pages={1186-1190},
keywords={Boolean functions;Fourier transforms;bent functions;maximal degree;plateaued functions;Fourier spectrum;quadratic monomials;Polynomials;Kernel;Fourier transforms;Educational institutions;Upper bound;Boolean functions;Algebraic degree;bent functions;Fourier transform;plateaued functions;quadratic functions},
doi={10.1109/TIT.2011.2170053},
ISSN={0018-9448},
month={Feb},}


@INPROCEEDINGS{5198838,
author={Z. Li and J. Cai and X. Lu and J. Si},
booktitle={2009 IEEE International Conference on Communications},
title={Complexity Measure of FH/SS Sequences Using Approximate Entropy},
year={2009},
volume={},
number={},
pages={1-5},
keywords={cryptography;frequency hop communication;multi-access systems;sequences;spread spectrum communication;telecommunication security;FH-SS sequences;approximate entropy;frequency-hopping-spread-spectrum sequence;high-security multiple-access communication systems;linear complexity;linear complexity profile;k-error linear complexity;cryptographical sequence;chaotic sequence;Entropy;Chaotic communication;Logistics;Communication systems;Cryptography;Communications Society;Frequency measurement;Laboratories;Intserv networks;Electronic mail},
doi={10.1109/ICC.2009.5198838},
ISSN={1550-3607},
month={June},}

@ARTICLE{4256637,
author={B. M. Popovic},
journal={Electronics Letters},
title={New sequences for asynchronous frequency-hopping multiplex},
year={1986},
volume={22},
number={12},
pages={640-642},
keywords={frequency agility;information theory;multiplexing;multiplexing;asynchronous frequency-hopping multiplex;generating large sets of sequences;bounded mutual asynchronity;maximal number of sequences},
doi={10.1049/el:19860439},
ISSN={0013-5194},
month={June},}

@ARTICLE{56388,
author={J. J. Komo and S. -. Liu},
journal={IEEE Journal on Selected Areas in Communications},
title={Maximal length sequences for frequency hopping},
year={1990},
volume={8},
number={5},
pages={819-822},
keywords={correlation methods;frequency agility;spread spectrum communication;finite field symbols;maximal length sequences;frequency hopping;spread-spectrum communication systems;nonbinary m sequences;autocorrelation function;Frequency;Polynomials;Galois fields;Spread spectrum communication},
doi={10.1109/49.56388},
ISSN={0733-8716},
month={June},}


@ARTICLE{1054618,
author={E. Groth},
journal={IEEE Transactions on Information Theory},
title={Generation of binary sequences with controllable complexity},
year={1971},
volume={17},
number={3},
pages={288-296},
keywords={Sequences},
doi={10.1109/TIT.1971.1054618},
ISSN={0018-9448},
month={May},}


@INPROCEEDINGS{394734,
author={H. D. Schotten and G. Berg},
booktitle={Proceedings of 1994 IEEE International Symposium on Information Theory},
title={Large sets of code-sequences with good correlation properties derived from character products},
year={1994},
volume={},
number={},
pages={280-},
keywords={sequences;codes;correlation methods;code-sequences;correlation properties;character products;polyphase sequences;multiplicative character;additive character;periodic correlation function;Gold;Polynomials;Estimation theory;Parameter estimation;Binary sequences},
doi={10.1109/ISIT.1994.394734},
ISSN={},
month={June},}


@ARTICLE{1054840,
author={D. Chu},
journal={IEEE Transactions on Information Theory},
title={Polyphase codes with good periodic correlation properties (Corresp.)},
year={1972},
volume={18},
number={4},
pages={531-532},
keywords={PSK signals;Phase coding},
doi={10.1109/TIT.1972.1054840},
ISSN={0018-9448},
month={July},}

